@online{stakeholder,
  author       = "{EEE4113F 2024 - Stakeholder Engagement}",
  title        = "{All Carrie Hickman Posts}",
  organization = "Microsoft Corporation",
  url          = "{https://teams.microsoft.com/l/channel/19%3A16092253e43b43d0ae12e2f4b0cbdb59%40thread.tacv2/Stakeholder%20Engagement?groupId=d4192a4a-a750-48ea-bd8e-ee5cbd5776cb&tenantId=92454335-564e-4ccf-b0b0-24445b8c03f7&ngc=true}",
  note         = "{12/05/2024}"
}

@INPROCEEDINGS{RFID,
  author={Fennani, B. and Hamam, H. and Dahmane, A. O.},
  booktitle={ICM 2011 Proceeding}, 
  title={RFID overview}, 
  year={2011},
  volume={},
  number={},
  pages={1-5},
  keywords={Radiofrequency identification;Metals;Standards;Radio spectrum management;Cryptography;Antennas},
  doi={10.1109/ICM.2011.6177411}}

  @misc{esp32,
	author = {MicroRobotics},
	title = {{E}{S}{P}32 {S}3 {D}ev {B}oard - 16{M}{B} {F}lash, 8{M}{B} {P}{S}{R}{A}{M} --- robotics.org.za},
	howpublished = {\url{https://www.robotics.org.za/ESP32-S3-N16R8?search=esp32}},
	year = {2024},
	note = {[Accessed 12-05-2024]},
}

@misc{arduino,
	author = {Arduino},
	title = {{A}{T}mega328{P} {A}rduino {C}ompatible {N}ano {V}3 {I}mproved {V}ersion --- pishop.co.za},
	howpublished = {\url{https://www.pishop.co.za/store/arduino-boards/geekcreit-atmega328p-arduino-compatible-nano-v3-improved-version}},
	year = {2024},
	note = {[Accessed 12-05-2024]},
}

@misc{pico,
	author = {PiShop},
	title = {{R}aspberry {P}i {P}ico {W}{H} with pre-soldered headers --- pishop.co.za},
	howpublished = {\url{https://www.pishop.co.za/store/raspberry-pi-boards/raspberry-pi-pico-wh-with-pre-soldered-headers}},
	year = {2024},
	note = {[Accessed 12-05-2024]},
}

@ARTICLE{WIFIvsBLUE,
  author={Ferro, E. and Potorti, F.},
  journal={IEEE Wireless Communications}, 
  title={Bluetooth and Wi-Fi wireless protocols: a survey and a comparison}, 
  year={2005},
  volume={12},
  number={1},
  pages={12-26},
  keywords={Bluetooth;Wireless application protocol;Communication standards;Wireless communication;Energy consumption;Physical layer;Media Access Protocol;Joining processes;Communication cables;Network topology},
  doi={10.1109/MWC.2005.1404569}}